<?xml version="1.0" encoding="UTF-8"?><collection xmlns="http://www.loc.gov/MARC21/slim"><record><leader>00492nam--2200181-i-4500</leader><controlfield tag="001">000040534</controlfield><controlfield tag="002">20161230</controlfield><controlfield tag="005">20161230201042</controlfield><controlfield tag="008">060222s1000------------r-----000-0-ger-d</controlfield><datafield ind1=" " ind2=" " tag="040"><subfield code="a">IFIN-HH</subfield></datafield><datafield ind1=" " ind2=" " tag="041"><subfield code="a">ger</subfield></datafield><datafield ind1=" " ind2=" " tag="080"><subfield code="a">539.163:621.039.8</subfield></datafield><datafield ind1="1" ind2=" " tag="100"><subfield code="a">Schmeiser,Kurt</subfield></datafield><datafield ind1="1" ind2="0" tag="245"><subfield code="a">Radioaktive isotope, ihre herstellung und anwendung</subfield><subfield code="c">Kurt schmeiser</subfield></datafield><datafield ind1=" " ind2=" " tag="260"><subfield code="a">Berlin</subfield><subfield code="b">Springer-verlag</subfield><subfield code="c">1957</subfield></datafield><datafield ind1=" " ind2=" " tag="300"><subfield code="a">XI + 246 + 193 FIG</subfield></datafield><datafield ind1=" " ind2=" " tag="852"><subfield code="a">13039</subfield><subfield code="c">539.163</subfield></datafield><datafield ind1=" " ind2=" " tag="CAT"><subfield code="a">Sys</subfield><subfield code="c">20120516</subfield><subfield code="h">143647</subfield></datafield></record></collection>